<?xml version="1.0" encoding="UTF-8"?><collection xmlns="http://www.loc.gov/MARC21/slim"><record><leader>00341nam--2200133-i-4500</leader><controlfield tag="001">000017236</controlfield><controlfield tag="002">20161230</controlfield><controlfield tag="005">20161230201032</controlfield><controlfield tag="008">060222s1000------------r-----000-0-eng-d</controlfield><datafield ind1=" " ind2=" " tag="080"><subfield code="a">929:539(092)(01)</subfield></datafield><datafield ind1=" " ind2=" " tag="245"><subfield code="a">Scientific publications</subfield></datafield><datafield ind1=" " ind2=" " tag="260"><subfield code="a">Kernforschungszentrum Karlsruhe, 1994 22 P</subfield></datafield><datafield ind1=" " ind2=" " tag="700"><subfield code="a">H. Rebel And V. Zoran</subfield></datafield><datafield ind1=" " ind2=" " tag="852"><subfield code="a">80137</subfield></datafield></record></collection>